
@article{chen2020interpretation,
  title={Interpretation of the quasiparticle plus triaxial rotor model},
  author={Chen, QB and Frauendorf, S},
  journal={arXiv preprint arXiv:2012.03499},
  year={2020}
}

@book{bohr1998nuclear,
  title={Nuclear structure},
  author={Bohr, Aage and Mottelson, Ben R},
  volume={1},
  year={1998},
  publisher={World Scientific}
}

@article{raduta2018wobbling,
  title={Wobbling motion in Lu within a semi-classical framework},
  author={Raduta, AA and Poenaru, R and Raduta, Al H},
  journal={Journal of Physics G: Nuclear and Particle Physics},
  volume={45},
  number={10},
  pages={105104},
  year={2018},
  publisher={IOP Publishing}
}