@article{moller2006global,
  title={Global calculations of ground-state axial shape asymmetry of nuclei},
  author={M{\"o}ller, Peter and Bengtsson, Ragnar and Carlsson, B Gillis and Olivius, Peter and Ichikawa, Takatoshi},
  journal={Physical review letters},
  volume={97},
  number={16},
  pages={162502},
  year={2006},
  publisher={APS}
}
@article{delion2006theories,
  title={Theories of proton emission},
  author={Delion, DS and Liotta, RJ and Wyss, Ramon},
  journal={Physics reports},
  volume={424},
  number={3},
  pages={113--174},
  year={2006},
  publisher={Elsevier}
}
@article{moller2009heavy,
  title={Heavy-element fission barriers},
  author={M{\"o}ller, Peter and Sierk, Arnold J and Ichikawa, Takatoshi and Iwamoto, Akira and Bengtsson, Ragnar and Uhrenholt, Henrik and {\AA}berg, Sven},
  journal={Physical Review C},
  volume={79},
  number={6},
  pages={064304},
  year={2009},
  publisher={APS}
}
@article{hamamoto1988triaxial,
  title={Triaxial deformation in odd-Z light rare-earth nuclei},
  author={Hamamoto, I and Sagawa, H},
  journal={Physics Letters B},
  volume={201},
  number={4},
  pages={415--419},
  year={1988},
  publisher={Elsevier}
}
@article{bengtsson1984signature,
  title={Signature inversionâ€”A fingerprint of triaxiality},
  author={Bengtsson, R and Frisk, H and May, FR and Pinston, JA},
  journal={Nuclear Physics A},
  volume={415},
  number={2},
  pages={189--214},
  year={1984},
  publisher={Elsevier}
}
@article{stachel1982triaxiality,
  title={Triaxiality and its dynamics in 104Ru investigated by multiple Coulomb excitation},
  author={Stachel, J and Kaffrell, N and Grosse, E and Emling, H and Folger, H and Kulessa, R and Schwalm, D},
  journal={Nuclear Physics A},
  volume={383},
  number={3},
  pages={429--467},
  year={1982},
  publisher={Elsevier}
}
@article{frauendorf1997tilted,
  title={Tilted rotation of triaxial nuclei},
  author={Frauendorf, Stefan and Meng, Jie},
  journal={Nuclear Physics A},
  volume={617},
  number={2},
  pages={131--147},
  year={1997},
  publisher={Elsevier}
}
@article{xiong2019nuclear,
  title={Nuclear chiral doublet bands data tables},
  author={Xiong, BW and Wang, YY},
  journal={Atomic Data and Nuclear Data Tables},
  volume={125},
  pages={193--225},
  year={2019},
  publisher={Elsevier}
}
@article{hamamoto2002wobbling,
  title={Wobbling excitations in odd-A nuclei with high-j aligned particles},
  author={Hamamoto, Ikuko},
  journal={Physical Review C},
  volume={65},
  number={4},
  pages={044305},
  year={2002},
  publisher={APS}
}
@article{odegaard2001evidence,
  title={Evidence for the wobbling mode in nuclei},
  author={{\O}deg{\aa}rd, SW and Hagemann, GB and Jensen, DR and Bergstr{\"o}m, M and Herskind, B and Sletten, G and T{\"o}rm{\"a}nen, S and Wilson, JN and Tj{\o}m, PO and Hamamoto, I and others},
  journal={Physical review letters},
  volume={86},
  number={26},
  pages={5866},
  year={2001},
  publisher={APS}
}
@article{jensen2002evidence,
  title={Evidence for second-phonon nuclear wobbling},
  author={Jensen, DR and Hagemann, GB and Hamamoto, I and {\O}deg{\aa}rd, SW and Herskind, B and Sletten, G and Wilson, JN and Spohr, K and H{\"u}bel, H and Bringel, P and others},
  journal={Physical review letters},
  volume={89},
  number={14},
  pages={142503},
  year={2002},
  publisher={APS}
}
@article{jensen2002wobbling,
  title={Wobbling phonon excitations, coexisting with normal deformed structures in 163Lu},
  author={Jensen, D Ringk{\o}bing and Hagemann, GB and Hamamoto, I and {\O}deg{\aa}rd, SW and Bergstr{\"o}m, M and Herskind, B and Sletten, G and T{\"o}rm{\"a}nen, S and Wilson, JN and Tj{\o}m, PO and others},
  journal={Nuclear Physics A},
  volume={703},
  number={1-2},
  pages={3--44},
  year={2002},
  publisher={Elsevier}
}
@article{schnack1995superdeformed,
  title={Superdeformed triaxial bands in 163,165 Lu},
  author={Schnack-Petersen, H and Bengtsson, Ragnar and Bark, RA and Bosetti, P and Brockstedt, A and Carlsson, H and Ekstr{\"o}m, LP and Hagemann, GB and Herskind, B and Ingebretsen, F and others},
  journal={Nuclear Physics A},
  volume={594},
  number={2},
  pages={175--202},
  year={1995},
  publisher={Elsevier}
}
@article{biswas2019longitudinal,
  title={Longitudinal wobbling in 133 La},
  author={Biswas, S and Palit, R and Frauendorf, S and Garg, U and Li, W and Bhat, GH and Sheikh, JA and Sethi, J and Saha, S and Singh, Purnima and others},
  journal={The European Physical Journal A},
  volume={55},
  number={9},
  pages={1--7},
  year={2019},
  publisher={Springer}
}
@article{sensharma2019two,
  title={Two-phonon wobbling in 135Pr},
  author={Sensharma, N and Garg, U and Zhu, S and Ayangeakaa, AD and Frauendorf, S and Li, W and Bhat, GH and Sheikh, JA and Carpenter, MP and Chen, QB and others},
  journal={Physics Letters B},
  volume={792},
  pages={170--174},
  year={2019},
  publisher={Elsevier}
}
@incollection{matta2017transverse,
  title={Transverse Wobbling in 135 Pr},
  author={Matta, James Till},
  booktitle={Exotic Nuclear Excitations: The Transverse Wobbling Mode in 135 Pr},
  pages={77--93},
  year={2017},
  publisher={Springer}
}
@article{timar2019experimental,
  title={Experimental Evidence for Transverse Wobbling in Pd 105},
  author={Tim{\'a}r, J and Chen, QB and Kruzsicz, B and Sohler, D and Kuti, I and Zhang, SQ and Meng, J and Joshi, P and Wadsworth, R and Starosta, K and others},
  journal={Physical review letters},
  volume={122},
  number={6},
  pages={062501},
  year={2019},
  publisher={APS}
}
@article{nandi2020first,
  title={First Observation of Multiple Transverse Wobbling Bands of Different Kinds in Au 183},
  author={Nandi, S and Mukherjee, G and Chen, QB and Frauendorf, S and Banik, R and Bhattacharya, Soumik and Dar, Shabir and Bhattacharyya, S and Bhattacharya, C and Chatterjee, S and others},
  journal={Physical Review Letters},
  volume={125},
  number={13},
  pages={132501},
  year={2020},
  publisher={APS}
}
@article{sensharma2020longitudinal,
  title={Longitudinal Wobbling Motion in Au 187},
  author={Sensharma, N and Garg, U and Chen, QB and Frauendorf, S and Burdette, DP and Cozzi, JL and Howard, KB and Zhu, S and Carpenter, MP and Copp, P and others},
  journal={Physical review letters},
  volume={124},
  number={5},
  pages={052501},
  year={2020},
  publisher={APS}
}
@article{hagemann2003quantized,
  title={Quantized wobbling in nuclei},
  author={Hagemann, Gudrun B and Hamamoto, Ikuko},
  journal={Nuclear Physics News},
  volume={13},
  number={3},
  pages={20--24},
  year={2003},
  publisher={Taylor \& Francis}
}
@article{chen2020interpretation,
  title={Interpretation of the quasiparticle plus triaxial rotor model},
  author={Chen, QB and Frauendorf, S},
  journal={arXiv preprint arXiv:2012.03499},
  year={2020}
}
@book{bohr1998nuclear,
  title={Nuclear structure},
  author={Bohr, Aage and Mottelson, Ben R},
  volume={1},
  year={1998},
  publisher={World Scientific}
}
@article{raduta2018wobbling,
  title={Wobbling motion in Lu within a semi-classical framework},
  author={Raduta, AA and Poenaru, R and Raduta, Al H},
  journal={Journal of Physics G: Nuclear and Particle Physics},
  volume={45},
  number={10},
  pages={105104},
  year={2018},
  publisher={IOP Publishing}
}
@article{raduta2020new,
  title={A new boson approach for the wobbling motion in even--odd nuclei},
  author={Raduta, AA and Raduta, CM and Poenaru, R},
  journal={Journal of Physics G: Nuclear and Particle Physics},
  volume={48},
  number={1},
  pages={015106},
  year={2020},
  publisher={IOP Publishing}
}